@Misc{ux_in_agile:loranger2014,
	author       = {Hoa Loranger},
	howpublished = {NN/G Nielsen Norman Group},
	month        = may,
	note         = {[Online]. \url{https://www.nngroup.com/articles/doing-ux-agile-world/}. [abgerufen am 22. November 2021].},
	title        = {Doing {UX} in an {A}gile {W}orld},
	year         = {2014},
}
@Misc{ux_in_agile:kaley2019,
	author       = {Anna Kaley},
	howpublished = {NN/g Nielsen Norman Group},
	month        = apr,
	note         = {[Online]. \url{https://www.nngroup.com/articles/ux-scrum}. [abgerufen am 22. November 2021].},
	title        = {U{X} {R}esponsibilities in {S}crum {C}eremonies},
	year         = {2019},
}
@Misc{ux_in_agile:dreyer2021,
	author       = {Markus Dreyer},
	howpublished = {PPIx},
	month        = may,
	note         = {[Online]. \url{https://blog.ppi-x.de/ux-im-scrum-prozess-geht-da-was}. [abgerufen am 22. November 2021].},
	title        = {U{X} im Scrum {P}rozess – geht da was?},
	year         = {2021},
}
@Misc{scrum:wiki2005,
	howpublished = {Wikipedia - Die freie Enzyklopädie},
	month  = jan,
	note   = {[Online]. \url{https://de.wikipedia.org/wiki/Scrum}. [abgerufen am 29. Oktober 2021].},
	title  = {Scrum - {W}ikipedia},
	year   = {2005},
}
@inproceedings{ux_in_agile:Larusdottir2012,
	author = {Lárusdóttir, M. K. and Cajander, {\AA}. and Gulliksen, Jan},
	booktitle = {CEUR Workshop Proceedings},
	institution = {KTH, Media Technology and Interaction Design, MID},
	note = {QC 20130508},
	pages = {42--48},
	title = {The big picture of UX is missing in scrum projects},
	series = {CEUR Workshop Proceedings},
	number = {922},
	keywords = {Agile software development, Scrum, Usability, User experience, User experience evaluation, User experience evaluations, Human computer interaction, Software design},
	abstract = {The Scrum development process has gained increasing popularity during the last decade. At the same time user experience (UX) has emerged as an important quality feature. However, the integration of UX related activities into Scrum projects has not been without problems, and this area needs to be further examined. This paper describes the results from two in depth interviews with knowledgeable UX specialists working in Scrum projects in the prodauct development industry. It describes their ways of working generally with UX, their experiences from UX evaluations and the challenges encountered from their UX work. The main concern when working with UX in Scrum projects is that the big picture of UX is often lacking. Finally, the paper discusses the differences and similarities between the experiences from the UX specialists. },
	year = {2012}
}
@Misc{scrum:schwaber2020,
	author       = {Schwaber, Ken and Sutherland, Jeff},
	howpublished = {Scrum Guides},
	note         = {[Online]. \url{https://scrumguides.org/scrum-guide.html}. [abgerufen am 30. November 2021].},
	title        = {Scrum {G}uide | {S}crum {G}uides},
	year         = {2020},
	journal      = {Scrumguides.org},
}
@Book{ux_iso_9241_2102019,
	author    = {},
	publisher = {DIN Deutsches Institut für Normung},
	title     = {I{SO} 9241-210:2019 {E}rgonomie der {M}ensch-{S}ystem-{I}nteraktion - {T}eil 210: {P}rozess zur {G}estaltung gebrauchstauglicher interaktiver {S}ysteme},
	year      = {2019},
	address   = {Berlin},
	month     = apr,
}
@PhdThesis{ux_gawel2016,
	author    = {Gawel, Christian},
	school    = {Otto von Guericke Universität Magdeburg},
	title     = {Entwicklung eines {B}ewertungskonzeptes für das {U}ser {E}xperience {D}esign eines interaktiven {S}ystems},
	year      = {2016},
	month     = jul,
	type      = {mathesis},
	abstract  = {Die Produktgestaltung nur noch an der Usability auszurichten, reicht als Abgrenzungsmerkmal 
	zu Konkurrenzprodukten nicht mehr aus. Daher beinhaltet das Thema „Entwicklung eines 
	Bewertungskonzeptes für das User Experience Design eines interaktiven Systems“ einen neuen 
	Ansatz, den sogenannten User Experience Ansatz. Ziel ist die Entwicklung von Grundsätzen, 
	die eine Bewertung des User Experience Design zulassen und eine Aussage über dessen Güte 
	stützen. Dafür ist es notwendig beide Konzepte zu definieren. Dafür wird nicht nur die jeweilige 
	ISO Norm betrachtet, sondern auch Definitionen wie von Donald Norman. Die Unterscheidung 
	zwischen Usability und User Experience ist dabei genauso wichtig, wie die Klärung des User 
	Experience Konzeptes. Informationen über die Art des Ansatzes sind ebenso wie Hinweise über 
	den Umfang der Bewertung herauszustellen. In dem Zusammenhang wird auch erläutert, wie 
	Wahrnehmungen einer Interaktion ablaufen, da es ein Gestaltungsansatz für interaktive Systeme 
	ist. Darüber hinaus helfen verwandte Begriffe des User Experience dabei, das Konzept besser zu 
	verstehen. Anschließend werden Grundsätze für die Bewertung entwickelt. Dafür beinhaltet 
	diese Arbeit zunächst vorhandene Designprinzipien und weitere Kriterien der 
	menschenzentrierten Gestaltung. Anhand dieser Kriterien entstehen Bewertungsgrundsätze. 
	Diese Grundsätze stehen für ein gutes User Experience. Neben den Grundsätzen deckt das 
	entwickelte Konzept auch Bereiche ab, an denen die Bewertung stattfindet. Denn nur zu wissen 
	wie bewertet werden soll, reicht nicht aus. Es ist auch wichtig zu wissen, an welchen Stellen die 
	Bewertung stattfindet. Daher liefert das entwickelte Konzept nicht nur Grundsätze, sondern 
	auch Berührungspunkte eines Produktes. Um die Tauglichkeit des Bewertungskonzeptes zu 
	testen, wird das iPad Pro als Beispiel für ein interaktives System bewertet. Die Ganzheitlichkeit 
	bei der Bewertung zu erreichen, ist bei dem User Experience Konzept schwer möglich. Daher 
	sollte das Konzept anhand weiterer Produkte sowie durch mehrere Personen getestet werden. 
	Nur so lässt sich User Experience als umfassendes Konzept näher bewerten. Verschiedene 
	Gründe für Aussagen über das User Experience eines Produktes lassen sich mit dem Konzept 
	ermitteln.},
	timestamp = {2021-12-02},
	url = {http://bauhaus.cs.uni-magdeburg.de:8080/miscms.nsf/FEA8C8150500AA14C1257449004F79A9/6F4D1EA2F3BB0BDAC125803300586AA7/$FILE/Masterarbeit Christian Gawel.pdf},
	note = {[Online]. \url{http://bauhaus.cs.uni-magdeburg.de:8080/miscms.nsf/FEA8C8150500AA14C1257449004F79A9/6F4D1EA2F3BB0BDAC125803300586AA7/$FILE/Masterarbeit Christian Gawel.pdf}. [abgerufen am 02. Dezember 2021].},
}
@Article{ux_agil:schoenSchubertThomaschewski2018,
	author   = {Schön, Eva-Maria and Schubert, Ulf and Thomaschewski, Jörg},
	journal  = {Mensch und Computer 2018 – Usability Professionals},
	title    = {Best {P}ractices zu {A}gile {UX} und {L}ean {U}ser {R}esearch},
	year     = {2018},
	month    = sep,
	note     = {[Online]. \url{https://dl.gi.de/bitstream/handle/20.500.12116/16787/Beitrag_124_final__a.pdf}. [abgerufen am 03. Dezember 2021].},
	abstract = {Die Integration von Human-Centered Design in agile Vorgehensmodelle ist oftmals eine Herausforderung. Insbesondere die Anpassung bewährter Methoden des UX Designs und des User Researchs an 
	kurze Feedbackzyklen bringt Diskussionen mit sich. Das Ziel dieses Artikels ist es, das Pattern Lean 
	User Research vorzustellen, um Usability Professionals dabei zu unterstützen ihre Methoden und Vorgehensweise an die agile Softwareentwicklung anzupassen. Dabei werden sowohl Probleme wie z.B. 
	die kontinuierliche Einbindung von Nutzer*innen und Stakeholdern in den agilen Produktentwicklungsprozess thematisiert, als auch Best Practices für Agile UX und Lean User Research präsentiert. 
	Diese Best Practices helfen Organisationen dabei, die diskutierten Probleme zu lösen und Produkte 
	iterativ zu entwickeln, die den Nutzer- und Marktanforderungen entsprechen.}
}
@Misc{ux_agil:oltersdorff2018,
	author  = {Oltersdorff, Heidi},
	note    = {[Online]. \url{https://entwickler.de/agile/so-lasst-sich-ux-design-erfolgreich-in-den-scrum-prozess-integrieren}. [abgerufen am 03. 12. 2021].},
	title   = {So lässt sich {UX}-{D}esign erfolgreich in den {S}crum-{P}rozess integrieren},
	year    = {2018},
	journal = {entwickler.de Blog},
	url     = {https://entwickler.de/agile/so-lasst-sich-ux-design-erfolgreich-in-den-scrum-prozess-integrieren},
}@PhdThesis{ux_agile:schoen2014,
author = {Schön, Eva-Maria},
school = {Hochschule Emden-Leer},
title  = {Menschzentriertes {V}orgehensmodell für einen agilen {P}roduktentwicklungsprozess},
year   = {2014},
month  = jul,
type   = {mathesis},
note = {[Online]. \url{https://www.researchgate.net/publication/264556102_Menschzentriertes_Vorgehensmodell_fur_einen_agilen_Produktentwicklungsprozess}. [abgerufen am 04. Dezember 2021].},
url = {https://www.researchgate.net/publication/264556102_Menschzentriertes_Vorgehensmodell_fur_einen_agilen_Produktentwicklungsprozess},
timestamp = {2021-12-04},
}
@Misc{ux_agile:follett2017,
	author       = {Jonathan Follett},
	howpublished = {O'Reilly},
	month        = may,
	note         = {[Online]. \url{https://www.oreilly.com/radar/integrating-agile-and-ux-design}. [abgerufen am 08.09.2021].},
	title        = {Integration von agilem und {UX}-{D}esign: {W}eiterentwicklung des {P}rozesses der digitalen {P}rodukterstellung},
	year         = {2017},
	url          = {https://www.oreilly.com/radar/integrating-agile-and-ux-design},
}

@Misc{agile_twenty_years:tenhundfeld2021,
	author       = {Al Tenhundfeld},
	howpublished = {simple thread},
	note         = {[Online]. \url{https://www.simplethread.com/agile-at-20-the-failed-rebellion}. [abgerufen am 09.08.2022].},
	title        = {{A}gile at 20: {T}he {F}ailed {R}ebellion},
	year         = {2021},
	month        = july,
	url          = {https://www.simplethread.com/agile-at-20-the-failed-rebellion},
}